%referencias do texto
@article{site,
title = "Quais são os fundamentos de redes de computadores?",
journal = "Blog da Católica EAD",
author = "Alessandra Mello",
url = "https://ead.catolica.edu.br/blog/fundamentos-redes-de-computadores",
year = "2020"
}
@misc{youtube,
title = "Redes de Computadores - conceitos iniciais",
journal = "Tu quer saber mais?", 
author = "Prof. Wagner Gadêa Lorenz",
url = "https://www.youtube.com/watch?v=LVtc3rgirGs"
}
@misc{perfil,
title = "Perfil Curricular do Curso Ciência da Computação",
author = "Universidade Federal de Pernambuco (UFPE)",
url = "https://www.ufpe.br/documents/38970/411209/ciencia_computacao_perfil_2002.pdf/09862676-8330-4642-af94-6ec9e8607a62"
}
%referencias das imagens
@article{introducao,
title = "Métricas de Qualidade de Serviço em Redes de Computadores",
journal = "Desmonta e CIA",
author = "José Mauricio Santos Pinheiro",
url = "https://desmontacia.wordpress.com/2010/08/13/mtricas-de-qualidade-de-servio-em-redes-de-computadores/",
year = "2010"
}
@misc{datashare,
title = "STF AVALIA COMPARTILHAMENTO DE DADOS",
author = "LGPD Brasil",
journal = "LGPD Brasil",
url = "https://www.lgpdbrasil.com.br/stf-avalia-compartilhamento-de-dados/"
}
@article{reduzircustos,
title = "Como reduzir custos de maneira efetiva",
journal = "Econsult",
author = "Techcolina",
url = "https://econsult.org.br/blog/como-reduzir-custos-de-maneira-efetiva/",
year = "2019"
}
@misc{datasaving,
title = "Ilustración de archivo de transferencia",
author = "jellyfishwater",
url = "https://es.vecteezy.com/arte-vectorial/364904-ilustracion-de-archivo-de-transferencia"
}
@misc{limpezadados,
title = "Limpeza de dados em estilo simples Vetor Premium",
author = "Pentool.Knight",
url = "https://br.freepik.com/vetores-premium/limpeza-de-dados-em-estilo-simples_5556776.htm"
}